
  <record>
    <controlfield tag="001">413</controlfield>
    <datafield tag="024" ind1="7" ind2="">
      <subfield code="a">10.7483/OPENDATA.ATLAS.T9YR.Y7MZ</subfield>
      <subfield code="2">DOI</subfield>
    </datafield>
    <datafield tag="980" ind1=" " ind2=" ">
      <subfield code="a">Data-Policies</subfield>
    </datafield>
    <datafield tag="693" ind1=" " ind2=" ">
      <subfield code="a">CERN LHC</subfield>
      <subfield code="e">ATLAS</subfield>
    </datafield>
    <datafield tag="520" ind1=" " ind2=" ">
      <subfield code="a">This document contains the policy document regarding the access to ATLAS data by non-ATLAS members which was endorsed by the ATLAS Collaboration Board in June 2014.</subfield>
    </datafield>
    <datafield tag="300" ind1=" " ind2=" ">
      <subfield code="a">3 p</subfield>
    </datafield>
    <datafield tag="110" ind1=" " ind2=" ">
      <subfield code="a">ATLAS collaboration</subfield>
    </datafield>
    <datafield tag="245" ind1=" " ind2=" ">
      <subfield code="a">ATLAS Data Access Policy</subfield>
    </datafield>
    <datafield tag="260" ind1=" " ind2=" ">
      <subfield code="c">2014</subfield>
    </datafield>
    <datafield tag="269" ind1=" " ind2=" ">
      <subfield code="a">Geneva</subfield>
      <subfield code="b">CERN</subfield>
      <subfield code="c">20 Jun 2014</subfield>
    </datafield>
    <datafield tag="041" ind1=" " ind2=" ">
      <subfield code="a">eng</subfield>
    </datafield>
    <datafield tag="FFT" ind1=" " ind2=" ">
      <subfield code="a">/tmp/opendata.cern.ch-fft-file-cache/data-policies/ATLAS-Data-Policy.pdf</subfield>
    </datafield>
  </record>
</collection>
